<?xml version="1.0" encoding="UTF-8"?><collection xmlns="http://www.loc.gov/MARC21/slim"><record><leader>00528nam--2200157-i-4500</leader><controlfield tag="001">000010510</controlfield><controlfield tag="002">20161230</controlfield><controlfield tag="005">20170305190715</controlfield><controlfield tag="008">060222s1000------------r-----000-0-eng-d</controlfield><datafield ind1=" " ind2=" " tag="100"><subfield code="a">Balcou, Yves</subfield></datafield><datafield ind1=" " ind2=" " tag="245"><subfield code="a">Etude de la dynamique des reorientations moleculaires a l interieur des reseaux cristallins de derives benzeniques penta ou hexa sustitues</subfield></datafield><datafield ind1=" " ind2=" " tag="260"><subfield code="a">Rennes</subfield><subfield code="b">Faculte Des Sciences De L Universite De Rennes</subfield><subfield code="c">1970</subfield></datafield><datafield ind1=" " ind2=" " tag="300"><subfield code="a">190 p</subfield></datafield><datafield ind1=" " ind2=" " tag="490"><subfield code="a">Series B</subfield></datafield><datafield ind1=" " ind2=" " tag="852"><subfield code="a">015:539.2:547.53</subfield></datafield><datafield ind1=" " ind2=" " tag="CAT"><subfield code="a">SYS</subfield><subfield code="c">20170305</subfield><subfield code="h">190715</subfield></datafield></record></collection>